<?xml version="1.0" encoding="UTF-8"?><collection xmlns="http://www.loc.gov/MARC21/slim"><record><leader>00396nam--2200145-i-4500</leader><controlfield tag="001">000013783</controlfield><controlfield tag="002">20161230</controlfield><controlfield tag="005">20161230201030</controlfield><controlfield tag="008">060222s1000------------r-----000-0-eng-d</controlfield><datafield ind1=" " ind2=" " tag="080"><subfield code="a">512.5</subfield></datafield><datafield ind1=" " ind2=" " tag="100"><subfield code="a">Barbilian, D</subfield></datafield><datafield ind1=" " ind2=" " tag="245"><subfield code="a">Teoria aritmetica a idealelor (in inele necomutative)</subfield></datafield><datafield ind1=" " ind2=" " tag="260"><subfield code="a">Bucuresti, Ed.Academiei, R.P.R., 1956. 379 P</subfield></datafield><datafield ind1=" " ind2=" " tag="852"><subfield code="a">47605</subfield><subfield code="c">512</subfield></datafield><datafield ind1=" " ind2=" " tag="CAT"><subfield code="a">Sys</subfield><subfield code="c">20080514</subfield><subfield code="h">132037</subfield></datafield></record></collection>